

@techreport{wpad99,
	Author = {Paul Gauthier and Josh Cohen and Martin Dunsmuir and Charles Perkins},
	Institution = {IETF Secretariat},
	Title = {Web Proxy Auto-Discovery Protocol},
	Type = {Internet-Draft},
	Year = {1999}}

@inbook{coral03,
	Author = {Michael J. Freedman and David Mazi{\`e}res},
	Editor = {M. Frans Kaashoek and Ion Stoica},
	Pages = {45-55},
	Publisher = {Springer},
	Series = {Lecture Notes in Computer Science},
	Title = {Sloppy hashing and self-organizing clusters},
	Volume = {2735},
	Year = {2003}}

@inproceedings{caspar03,
	Author = {Niraj Tolia and Michael Kozuch and Mahadev Satyanarayanan and Brad Karp and Thomas Bressoud and Adrian Perrig},
	Booktitle = {Proc. of the USENIX Annual Technical Conference},
	Title = {Opportunistic Use of Content Addressable Storage for Distributed File Systems},
	Year = {2003}}

@article{akamai10,
	Author = {Erik Nygren and Ramesh K. Sitaraman and Jennifer Sun},
	Journal = {ACM SIGOPS Operating Systems Review},
	Number = {3},
	Pages = {2-19},
	Title = {The {Akamai} Network: A Platform for High-Performance Internet Applications},
	Volume = {44},
	Year = {2010}}

@inproceedings{httpfuse06,
	Author = {K. Suzaki and T. Yagi and K. Iijima and K. Kitagawa and S. Tashiro},
	Booktitle = {Proc. of the 2006 Linux Symposium},
	Pages = {379-392},
	Title = {{HTTP-FUSE} {Xenoppix}},
	Volume = {2},
	Year = {2006}}

@misc{leveldb,
        Author = {Jeffrey Dean and Sanjay Ghemawat},
        Howpublished = {\url{http://code.google.com/p/leveldb/}},
        Title = {leveldb}}

@techreport{rfc1950,
        Author = {P. Deutsch and J-L. Gailly},
        Date-Added = {2009-08-20 16:47:38 +0200},
        Date-Modified = {2009-08-21 10:31:38 +0200},
        Days = 15,
        Institution = {Internet Engineering Task Force},
        Keywords = {WP0},
        Month = may,
        Number = 1950,
        Title = {{ZLIB Compressed Data Format Specification version 3.3}},
        Type = {RFC},
        Url = {http://www.rfc-editor.org/rfc/rfc1950.txt},
        Year = 1996,
        Bdsk-Url-1 = {http://www.rfc-editor.org/rfc/rfc1950.txt}}

@techreport{rfc3174,
        Author = {D. Eastlake 3rd and P. Jones},
        Days = 15,
        Institution = {Internet Engineering Task Force},
        Month = sep,
        Number = 3174,
        Title = {{US Secure Hash Algorithm 1 (SHA1)}},
        Type = {RFC},
        Url = {http://www.rfc-editor.org/rfc/rfc3174.txt},
        Year = 2001,
        Bdsk-Url-1 = {http://www.rfc-editor.org/rfc/rfc3174.txt}}


@techreport{rfc6151,
	Author = {S. Turner and L. Chen},
	Institution = {Internet Engineering Task Force},
	Number = 6151,
	Title = {{Updated Security Considerations for the MD5 Message-Digest and the HMAC-MD5 Algorithms}},
	Type = {RFC},
	Url = {http://www.rfc-editor.org/rfc/rfc6151.txt},
	Year = {2011},
	Month = March}

@techreport{rfc1321,
        Author = {R. Rivest},
        Days = 15,
        Institution = {Internet Engineering Task Force},
        Month = apr,
        Number = 1321,
        Title = {{The MD5 Message-Digest Algorithm}},
        Type = {RFC},
        Url = {http://www.rfc-editor.org/rfc/rfc1321.txt},
        Year = 1992,
        Bdsk-Url-1 = {http://www.rfc-editor.org/rfc/rfc1321.txt}}

@book{sqlite10,
        Author = {Grant Allen and Mike Owens},
        Edition = {2nd edition},
        Publisher = {Apress},
        Title = {The Definitive Guide to {SQLite}},
        Year = {2010}}

@book{nagios08,
        Author = {Max Schubert and Derrick Bennett and Jonathan Gines and Andrew Hay and John Strand},
        Publisher = {Syngress},
        Title = {{Nagios} 3 Enterprise Network Monitoring},
        Year = {2008}}

@article{squid99,
        Author = {David Guerrero},
        Journal = {Linux Journal},
        Month = {Feburary},
        Number = {58},
        Title = {Caching the Web, Part 2},
        Year = {1999}}

@article{frontier08,
        Author = {Barry Blumenfeld and David Dykstra and Lee Lueking and Eric Wicklund},
        Journal = {Journal of Physics: Conference Series},
        Title = {{CMS} Conditions Data Access using {FroNTier}},
        Volume = {119},
        Year = {2008}}

@article{bloomsquid00,
        Author = {Li Fan and Pei Cao and Jussara Almeida and Andrei Z. Broder},
        Journal = {IEEE/ACM Transactions on Networking},
        Keywords = {WP1, Bloomfilter},
        Month = {June},
        Number = {3},
        Pages = {281-293},
        Title = {Summary Cache: A Scalable Wide-Area Web Cache Sharing Protocol},
        Volume = {8},
        Year = {2000}}

@article{frontier10,
        Author = {D. Dykstra and L. Lueking},
        Journal = {Journal of Physics: Conference Series},
        Title = {Greatly improved cache update times for conditions data with Frontier/Squid},
        Volume = {219},
        Year = {2010}}

@techreport{rfc3530,
        Author = {S. Shepler and B. Callaghan and D. Robinson and R. Thurlow and C. Beame and M. Eisler and D. Noveck},
        Days = 15,
        Institution = {Internet Engineering Task Force},
        Month = apr,
        Number = 3530,
        Title = {{Network File System (NFS) version 4 Protocol}},
        Type = {RFC},
        Url = {http://www.rfc-editor.org/rfc/rfc3530.txt},
        Year = 2003,
        Bdsk-Url-1 = {http://www.rfc-editor.org/rfc/rfc3530.txt}}

@techreport{rfc1813,
        Author = {B. Callaghan and B. Pawlowski and P. Staubach},
        Days = 15,
        Institution = {Internet Engineering Task Force},
        Month = jun,
        Number = 1813,
        Title = {{NFS Version 3 Protocol Specification}},
        Type = {RFC},
        Url = {http://www.rfc-editor.org/rfc/rfc1813.txt},
        Year = 1995,
        Bdsk-Url-1 = {http://www.rfc-editor.org/rfc/rfc1813.txt}}

@techreport{unionfs04,
        Author = {Charles P. Wright and Jay Dave and Puja Gupta and Harikesavan Krishnan and Erez Zadok and Mohammad Nayyer Zubair},
        Date-Added = {2011-10-17 17:17:03 +0200},
        Date-Modified = {2011-10-17 17:18:42 +0200},
        Institution = {Stony Brook University},
        Number = {FSL-04-01b},
        Title = {Versatility and Unix Semantics in a Fan-Out Unification File System},
        Year = {2004},
}

@misc{fuse,
	Author = {Csaba Henk and Miklos Szeredi},
	Howpublished = {\url{http://fuse.sourceforge.net}},
	Title = {{Filesystem in Userspace (FUSE)}}}

@misc{aufs,
	Author = {Junjiro R. Okajima},
	Howpublished = {\url{http://aufs.sourceforge.net/}},
	Title = {{Aufs - Advanced multi layered Unification FileSystem}}}

@article{parrot05,
	Author = {Douglas Thain and Miron Livny},
	Journal = {Scalable Computing: Practice and Experience},
	Month = {18},
	Number = {3},
	Pages = {9},
	Title = {{Parrot:} An Application Environment for Data-Intensive Computing},
	Volume = {6},
	Year = {2005}}


@article{growfs09,
	Author = {Compostella, G. and S. Pagan Griso and D. Lucchesi and I. Sfiligoi and D. Thain},
	Journal = {Journal of Physics: Conference Series},
	Title = {{CDF software distribution on the Grid using Parrot}},
	Volume = {219},
	Year = {2010}}


@inproceedings{lustre03,
	Author = {Philip Schwan},
	Booktitle = {Proc. of the 2003 Linux Symposium},
	Pages = {380-386},
	Title = {{Lustre}: Building a File System for 1,000-node Clusters},
	Year = {2003}}


@techreport{rfc1035,
	Author = {P.V. Mockapetris},
	Institution = {Internet Engineering Task Force},
	Month = nov,
	Number = 1035,
	Title = {{Domain names - implementation and specification}},
	Type = {RFC},
	Year = 1987}


@mastersthesis{redirfs05,
	Author = {Frantisek Hrbata},
	School = {Brno University of Technology},
	Title = {Callback Framework for {VFS} layer},
	Year = {2005}}


@misc{sqlite,
	Author = {Richard Hipp and others},
	Howpublished = {\url{http://www.sqlite.org}},
	Title = {{SQLite}}}


@misc{openssl,
	Author = {{The OpenSSL Software Foundation}},
	Howpublished = {\url{http://www.openssl.org/docs/crypto/crypto.html}},
	Title = {{OpenSSL}}}


@techreport{rfc2616,
	Author = {R. Fielding and J. Gettys and J. Mogul and H. Frystyk and L. Masinter and P. Leach and T. Berners-Lee},
	Institution = {Internet Engineering Task Force},
	Month = jun,
	Number = 2616,
	Title = {{Hypertext Transfer Protocol -- HTTP/1.1}},
	Type = {RFC},
	Year = 1999}


@techreport{rfc1945,
	Author = {T. Berners-Lee and R. Fielding and H. Frystyk},
	Institution = {Internet Engineering Task Force},
	Month = may,
	Number = 1945,
	Title = {{Hypertext Transfer Protocol -- HTTP/1.0}},
	Type = {RFC},
	Year = 1996}


@misc{libcurl,
	Author = {{Daniel Stenberg et al.}},
	Howpublished = {\url{http://curl.haxx.se/libcurl}},
	Title = {{libcurl}}}


@article{lru06,
	Author = {Konstantinos Panagiotou and Alexander Souza},
	Journal = {Annual ACM Symposium on Theory Of Computing},
	Pages = {487-496},
	Title = {On Adequate Performance Measures for Paging},
	Volume = {38},
	Year = {2006}}


@book{multicore06,
	Author = {Shameem Akhter and Jason Roberts},
	Publisher = {Intel Press},
	Title = {Multi-Core Programming},
	Year = {2006}}


@misc{callgrind,
	Author = {Josef Weidendorfer},
	Howpublished = {\url{http://valgrind.org/info/tools.html#callgrind}},
	Title = {Callgrind}}


@inproceedings{sysfs05,
	Author = {Patrick Mochel},
	Booktitle = {Proc. of the Annual Linux Symposium},
	Title = {The sysfs Filesystem},
	Year = {2005}}

